
% Journals

% First the Full Name is given, then the abbreviation used in the AMS Math
% Reviews, with an indication if it could not be found there.
% Note the 2nd overwrites the 1st, so swap them if you want the full name.

 %{AMS}
 @String{AMSTrans = "American Mathematical Society Translations" }
 @String{AMSTrans = "Amer. Math. Soc. Transl." }
 @String{BullAMS = "Bulletin of the American Mathematical Society" }
 @String{BullAMS = "Bull. Amer. Math. Soc." }
 @String{ProcAMS = "Proceedings of the American Mathematical Society" }
 @String{ProcAMS = "Proc. Amer. Math. Soc." }
 @String{TransAMS = "Transactions of the American Mathematical Society" }
 @String{TransAMS = "Trans. Amer. Math. Soc." }

 %ACM
 @String{CACM = "Communications of the {ACM}" }
 @String{CACM = "Commun. {ACM}" }
 @String{CompServ = "Comput. Surveys" }
 @String{JACM = "J. ACM" }
 @String{ACMMathSoft = "{ACM} Transactions on Mathematical Software" }
 @String{ACMMathSoft = "{ACM} Trans. Math. Software" }
 @String{SIGNUM = "{ACM} {SIGNUM} Newsletter" }
 @String{SIGNUM = "{ACM} {SIGNUM} Newslett." }

 @String{AmerSocio = "American Journal of Sociology" }
 @String{AmerStatAssoc = "Journal of the American Statistical Association" }
 @String{AmerStatAssoc = "J. Amer. Statist. Assoc." }
 @String{ApplMathComp = "Applied Mathematics and Computation" }
 @String{ApplMathComp = "Appl. Math. Comput." }
 @String{AmerMathMonthly = "American Mathematical Monthly" }
 @String{AmerMathMonthly = "Amer. Math. Monthly" }
 @String{BIT = "{BIT}" }
 @String{BritStatPsych = "British Journal of Mathematical and Statistical
          Psychology" }
 @String{BritStatPsych = "Brit. J. Math. Statist. Psych." }
 @String{CanMathBull = "Canadian Mathematical Bulletin" }
 @String{CanMathBull = "Canad. Math. Bull." }
 @String{CompApplMath = "Journal of Computational and Applied Mathematics" }
 @String{CompApplMath = "J. Comput. Appl. Math." }
 @String{CompPhys = "Journal of Computational Physics" }
 @String{CompPhys = "J. Comput. Phys." }
 @String{CompStruct = "Computers and Structures" }
 @String{CompStruct = "Comput. \& Structures" }
 @String{CompJour = "The Computer Journal" }
 @String{CompJour = "Comput. J." }
 @String{CompSysSci = "Journal of Computer and System Sciences" }
 @String{CompSysSci = "J. Comput. System Sci." }
 @String{Computing = "Computing" }
 @String{ContempMath = "Contemporary Mathematics" }
 @String{ContempMath = "Contemp. Math." }
 @String{Crelle = "Crelle's Journal" }
 @String{GiornaleMath = "Giornale di Mathematiche" }
 @String{GiornaleMath = "Giorn. Mat." } % didn't find in AMS MR., ibid.

 %IEEE
 @String{Computer = "{IEEE} Computer" }
 @String{IEEETransComp = "{IEEE} Transactions on Computers" }
 @String{IEEETransComp = "{IEEE} Trans. Comput." }
 @String{IEEETransAC = "{IEEE} Transactions on Automatic Control" }
 @String{IEEETransAC = "{IEEE} Trans. Automat. Control" }
 @String{IEEESpec = "{IEEE} Spectrum" } % didn't find in AMS MR
 @String{ProcIEEE = "Proceedings of the {IEEE}" }
 @String{ProcIEEE = "Proc. {IEEE}" } % didn't find in AMS MR
 @String{IEEETransAeroElec = "{IEEE} Transactions on Aerospace and Electronic
     Systems" }
 @String{IEEETransAeroElec = "{IEEE} Trans. Aerospace Electron. Systems" }

 @String{IMANumerAna = "{IMA} Journal of Numerical Analysis" }
 @String{IMANumerAna = "{IMA} J. Numer. Anal." }
 @String{InfProcLet = "Information Processing Letters" }
 @String{InfProcLet = "Inform. Process. Lett." }
 @String{InstMathApp = "Journal of the Institute of Mathematics and
     its Applications" }
 @String{InstMathApp = "J. Inst. Math. Appl." }
 @String{IntControl = "International Journal of Control" }
 @String{IntControl = "Internat. J. Control" }
 @String{IntNumerEng = "International Journal for Numerical Methods in
     Engineering" }
 @String{IntNumerEng = "Internat. J. Numer. Methods Engrg." }
 @String{IntSuper = "International Journal of Supercomputing Applications" }
 @String{IntSuper = "Internat. J. Supercomputing Applic." } % didn't find
%% in AMS MR
 @String{Kibernetika = "Kibernetika" }
 @String{JResNatBurStand = "Journal of Research of the National Bureau
     of Standards" }
 @String{JResNatBurStand = "J. Res. Nat. Bur. Standards" }
 @String{LinAlgApp = "Linear Algebra and its Applications" }
 @String{LinAlgApp = "Linear Algebra Appl." }
 @String{MathAnaAppl = "Journal of Mathematical Analysis and Applications" }
 @String{MathAnaAppl = "J. Math. Anal. Appl." }
 @String{MathAnnalen = "Mathematische Annalen" }
 @String{MathAnnalen = "Math. Ann." }
 @String{MathPhys = "Journal of Mathematical Physics" }
 @String{MathPhys = "J. Math. Phys." }
 @String{MathComp = "Mathematics of Computation" }
 @String{MathComp = "Math. Comp." }
 @String{MathScand = "Mathematica Scandinavica" }
 @String{MathScand = "Math. Scand." }
 @String{TablesAidsComp = "Mathematical Tables and Other Aids to Computation" }
 @String{TablesAidsComp = "Math. Tables Aids Comput." }
 @String{NumerMath = "Numerische Mathematik" }
 @String{NumerMath = "Numer. Math." }
 @String{PacificMath = "Pacific Journal of Mathematics" }
 @String{PacificMath = "Pacific J. Math." }
 @String{ParDistComp = "Journal of Parallel and Distributed Computing" }
 @String{ParDistComp = "J. Parallel and Distrib. Comput." } % didn't find
%% in AMS MR
 @String{ParComputing = "Parallel Computing" }
 @String{ParComputing = "Parallel Comput." }
 @String{PhilMag = "Philosophical Magazine" }
 @String{PhilMag = "Philos. Mag." }
 @String{ProcNAS = "Proceedings of the National Academy of Sciences
                    of the USA" }
 @String{ProcNAS = "Proc. Nat. Acad. Sci. U. S. A." }
 @String{Psychometrika = "Psychometrika" }
 @String{QuartMath = "Quarterly Journal of Mathematics, Oxford, Series (2)" }
 @String{QuartMath = "Quart. J. Math. Oxford Ser. (2)" }
 @String{QuartApplMath = "Quarterly of Applied Mathematics" }
 @String{QuartApplMath = "Quart. Appl. Math." }
 @String{RevueInstStat = "Review of the International Statisical Institute" }
 @String{RevueInstStat = "Rev. Inst. Internat. Statist." }

 %SIAM
 @String{JSIAM = "Journal of the Society for Industrial and Applied
     Mathematics" }
 @String{JSIAM = "J. Soc. Indust. Appl. Math." }
 @String{JSIAMB = "Journal of the Society for Industrial and Applied
     Mathematics, Series B, Numerical Analysis" }
 @String{JSIAMB = "J. Soc. Indust. Appl. Math. Ser. B Numer. Anal." }
 @String{SIAMAlgMeth = "{SIAM} Journal on Algebraic and Discrete Methods" }
 @String{SIAMAlgMeth = "{SIAM} J. Algebraic Discrete Methods" }
 @String{SIAMAppMath = "{SIAM} Journal on Applied Mathematics" }
 @String{SIAMAppMath = "{SIAM} J. Appl. Math." }
 @String{SIAMComp = "{SIAM} Journal on Computing" }
 @String{SIAMComp = "{SIAM} J. Comput." }
 @String{SIAMMatrix = "{SIAM} Journal on Matrix Analysis and Applications" }
 @String{SIAMMatrix = "{SIAM} J. Matrix Anal. Appl." }
 @String{SIAMNumAnal = "{SIAM} Journal on Numerical Analysis" }
 @String{SIAMNumAnal = "{SIAM} J. Numer. Anal." }
 @String{SIAMReview = "{SIAM} Review" }
 @String{SIAMReview = "{SIAM} Rev." }
 @String{SIAMSciStat = "{SIAM} Journal on Scientific and Statistical
     Computing" }
 @String{SIAMSciStat = "{SIAM} J. Sci. Statist. Comput." }

 @String{SoftPracExp = "Software Practice and Experience" }
 @String{SoftPracExp = "Software Prac. Experience" } % didn't find in AMS MR
 @String{StatScience = "Statistical Science" }
 @String{StatScience = "Statist. Sci." }
 @String{Techno = "Technometrics" }
 @String{USSRCompMathPhys = "{USSR} Computational Mathematics and Mathematical
     Physics" }
 @String{USSRCompMathPhys = "{U. S. S. R.} Comput. Math. and Math. Phys." }
 @String{VLSICompSys = "Journal of {VLSI} and Computer Systems" }
 @String{VLSICompSys = "J. {VLSI} Comput. Syst." }
 @String{ZAngewMathMech = "Zeitschrift fur Angewandte Mathematik und
     Mechanik" }
 @String{ZAngewMathMech = "Z. Angew. Math. Mech." }
 @String{ZAngewMathPhys = "Zeitschrift fur Angewandte Mathematik und Physik" }
 @String{ZAngewMathPhys = "Z. Angew. Math. Phys." }

% Publishers % ================================================= |

 @String{Academic = "Academic Press" }
 @String{ACMPress = "{ACM} Press" }
 @String{AdamHilger = "Adam Hilger" }
 @String{AddisonWesley = "Addison-Wesley" }
 @String{AllynBacon = "Allyn and Bacon" }
 @String{AMS = "American Mathematical Society" }
 @String{Birkhauser = "Birkha{\"u}ser" }
 @String{CambridgePress = "Cambridge University Press" }
 @String{Chelsea = "Chelsea" }
 @String{ClaredonPress = "Claredon Press" }
 @String{DoverPub = "Dover Publications" }
 @String{Eyolles = "Eyolles" }
 @String{HoltRinehartWinston = "Holt, Rinehart and Winston" }
 @String{Interscience = "Interscience" }
 @String{JohnsHopkinsPress = "The Johns Hopkins University Press" }
 @String{JohnWileySons = "John Wiley and Sons" }
 @String{Macmillan = "Macmillan" }
 @String{MathWorks = "The Math Works Inc." }
 @String{McGrawHill = "McGraw-Hill" }
 @String{NatBurStd = "National Bureau of Standards" }
 @String{NorthHolland = "North-Holland" }
 @String{OxfordPress = "Oxford University Press" }  %address Oxford or London?
 @String{PergamonPress = "Pergamon Press" }
 @String{PlenumPress = "Plenum Press" }
 @String{PrenticeHall = "Prentice-Hall" }
 @String{SIAMPub = "{SIAM} Publications" }
 @String{Springer = "Springer-Verlag" }
 @String{TexasPress = "University of Texas Press" }
 @String{VanNostrand = "Van Nostrand" }
 @String{WHFreeman = "W. H. Freeman and Co." }

% my additions
@String { TODS = {ACM Transactions on Database Systems (TODS)} }
@String { EDBT = {Proceedings of the International Conference on Extending Database Technology (EDBT)} }
@String { ICDE = {Proceedings of the International Conference on Data Engineering (ICDE)} }
@String { VLDB = {Proceedings of the International Conference on Very Large Databases (VLDB)} }
@String { VLDBJ = {VLDB Journal} }
@String { TKDE = {IEEE Transactions on Knowledge and Data Engineering (TKDE)} }
@String { DKE = {Data and Knowledge Engineering (DKE)} }
@String { CIKM = {Proceedings of the International Conference on Information and Knowledge Management (CIKM)} }
@String { PVLDB         = {PVLDB}}

@inproceedings{JOSIE,
author = {Zhu, Erkang and Deng, Dong and Nargesian, Fatemeh and Miller, Ren\'{e}e J.},
title = {JOSIE: Overlap Set Similarity Search for Finding Joinable Tables in Data Lakes},
year = {2019},
isbn = {9781450356435},
publisher = {Association for Computing Machinery},
address = {New York, NY, USA},
url = {https://doi.org/10.1145/3299869.3300065},
doi = {10.1145/3299869.3300065},
booktitle = {Proceedings of the 2019 International Conference on Management of Data},
pages = {847–864},
numpages = {18},
keywords = {data lakes, data discovery, set similarity search, joinable table search},
location = {Amsterdam, Netherlands},
series = {SIGMOD '19}
}

@INPROCEEDINGS{AURUM,  
author={Castro Fernandez, Raul and Abedjan, Ziawasch and Koko, Famien and Yuan, Gina and Madden, Samuel and Stonebraker, Michael},  
booktitle={ICDE},   
title={AURUM: A Data Discovery System},   
year={2018},  
volume={},  
number={},  
pages={1001-1012},  
doi={10.1109/ICDE.2018.00094},
url={https://raulcastrofernandez.com/papers/icde18-aurum.pdf}}

@inproceedings{StringJoinMultiAttribute,
author = {Li, Guoliang and He, Jian and Deng, Dong and Li, Jian},
title = {Efficient Similarity Join and Search on Multi-Attribute Data},
year = {2015},
isbn = {9781450327589},
publisher = {Association for Computing Machinery},
address = {New York, NY, USA},
url = {https://citeseerx.ist.psu.edu/viewdoc/download?doi=10.1.1.697.149&rep=rep1&type=pdf},
doi = {10.1145/2723372.2723733},
booktitle = {Proceedings of the 2015 ACM SIGMOD International Conference on Management of Data},
pages = {1137–1151},
numpages = {15},
keywords = {similarity search, similarity join, multi-attribute data},
location = {Melbourne, Victoria, Australia},
series = {SIGMOD '15}
}

@article{PassJoin,
author = {Li, Guoliang and Deng, Dong and Feng, Jianhua},
title = {A Partition-Based Method for String Similarity Joins with Edit-Distance Constraints},
year = {2013},
%issue_date = {June 2013},
%publisher = {Association for Computing Machinery},
%address = {New York, NY, USA},
volume = {38},
number = {2},
doi = {10.1145/2487259.2487261},
journal = TODS
}

@ARTICLE{OptimizedPassJoinSearch,  
author={Lee, Taegyoung and Chung, Tae-Sun and Kim, Jongik},  
journal={IEEE Access},   
title={Optimized Signature Selection for Efficient String Similarity Search},   
year={2020},  
volume={8},  
number={},  
pages={98193-98204},  
doi={10.1109/ACCESS.2020.2996945},
url={https://ieeexplore.ieee.org/ielx7/6287639/8948470/09099253.pdf}}

@inproceedings{deMarchiIND,
  title={Efficient Algorithms for Mining Inclusion Dependencies},
  author={De Marchi, Fabien and Lopes, St{\'e}phane and Petit, Jean-Marc},
  booktitle=EDBT,
  pages={464--476},
  volume = {2287},
  year={2002}
  %organization={Springer}
}

@Article{StringSimSearch,
author={Yu, Minghe
and Wang, Jin
and Li, Guoliang
and Zhang, Yong
and Deng, Dong
and Feng, Jianhua},
title={A unified framework for string similarity search with edit-distance constraint},
journal={The VLDB Journal},
year={2017},
month={04},
day={01},
volume={26},
number={2},
pages={249-274},
issn={0949-877X},
doi={10.1007/s00778-016-0449-y},
url={https://doi.org/10.1007/s00778-016-0449-y}
}

@inproceedings{SPIDER,
  title={Efficiently Detecting Inclusion Dependencies},
  author={Bauckmann, Jana and Leser, Ulf and Naumann, Felix and Tietz, V{\'e}ronique},
  booktitle=ICDE,
  pages={1448--1450},
  year={2007},
  doi = {10.1109/ICDE.2007.369032}
}

@article{MDDiscovery,
author = {Schirmer, Philipp and Papenbrock, Thorsten and Koumarelas, Ioannis and Naumann, Felix},
title = {Efficient Discovery of Matching Dependencies},
year = {2020},
%publisher = {Association for Computing Machinery},
volume = {45},
number = {3},
doi = {10.1145/3392778},
journal = TODS
%month = aug,
%articleno = {13},
%numpages = {33},
%TODO pages?
}

@inproceedings{FAIDA,
author = {Kruse, Sebastian and Papenbrock, Thorsten and Dullweber, Christian and Finke, Moritz and Hegner, Manuel and Zabel, Martin and Zöllner, Christian and Naumann, Felix},
year = {2017},
%month = {03},
pages = {207-226},
title = {Fast Approximate Discovery of Inclusion Dependencies},
booktitle = {Datenbanksysteme für Business, Technologie und Web (BTW)},
URL = {https://dl.gi.de/20.500.12116/629}
}

@mastersthesis {PrefixINDs,
  author  = "Jan Hegewald",
  title   = {Automatisiertes Auffinden von Präfix- und Suffix\Hyphdash{}Inklusionsabhängigkeiten in relationalen Datenbankmanagementsystemen},
  type  = {Diplomarbeit},
  year    = 2007,
  %month   = 07,
  school = {Humboldt-Universität zu Berlin}
}

@inproceedings{fan2008dependencies,
  title={Dependencies Revisited for Improving Data Quality},
  author={Fan, Wenfei},
  booktitle={Proceedings of the ACM SIGMOD-SIGACT-SIGART Symposium on Principles of Database Systems},
  pages={159--170},
  year={2008},
  doi = {10.1145/1376916.1376940}
}

@inproceedings{hai2019relaxed,
  title={Relaxed Functional Dependency Discovery in Heterogeneous Data Lakes},
  author={Hai, Rihan and Quix, Christoph and Wang, Dan},
  booktitle={International Conference on Conceptual Modeling},
  pages={225--239},
  year={2019},
  organization={Springer}
}

@inproceedings{kruse2018approximate,
author = {Kruse, Sebastian and Naumann, Felix},
title = {Efficient Discovery of Approximate Dependencies},
year = {2018},
%publisher = {VLDB Endowment},
%volume = {11},
%number = {7},
doi = {10.14778/3192965.3192968},
booktitle = PVLDB,
pages = {759–772}
}

@inproceedings{pena2019denial,
author = {Pena, Eduardo H. M. and de Almeida, Eduardo C. and Naumann, Felix},
title = {Discovery of Approximate (and Exact) Denial Constraints},
year = {2019},
%publisher = {VLDB Endowment},
volume = {13},
number = {3},
doi = {10.14778/3368289.3368293},
booktitle = VLDB,
pages = {266–278}
}

@article{livshits2020approximate,
  title={Approximate Denial Constraints},
  author={Livshits, Ester and Heidari, Alireza and Ilyas, Ihab F and Kimelfeld, Benny},
  journal={arXiv preprint arXiv:2005.08540},
  year={2020}
}

@article{elmagarmid2006duplicate,
  title={Duplicate Record Detection: A Survey},
  author={Elmagarmid, Ahmed K and Ipeirotis, Panagiotis G and Verykios, Vassilios S},
  journal=TKDE,
  volume={19},
  number={1},
  pages={1--16},
  year={2006},
  doi={10.1109/TKDE.2007.250581}
  %publisher={IEEE}
}

@article{StringSimSurvey,
  title={String Similarity Search and Join: a Survey},
  author={Yu, Minghe and Li, Guoliang and Deng, Dong and Feng, Jianhua},
  journal={Frontiers of Computer Science},
  volume={10},
  number={3},
  pages={399--417},
  year={2016},
  doi={10.1007/s11704-015-5900-5}
}

@inproceedings{wang2011fast,
  title={Fast-Join: An Efficient Method for Fuzzy Token Matching based String Similarity Join},
  author={Wang, Jiannan and Li, Guoliang and Fe, Jianhua},
  booktitle=ICDE,
  pages={458--469},
  year={2011},
  %organization={IEEE}
  doi={10.1109/ICDE.2011.5767865}
}

@inproceedings{charalampopoulos2020unary,
  title={Unary Words Have the Smallest Levenshtein k-Neighbourhoods},
  author={Charalampopoulos, Panagiotis and Pissis, Solon and Radoszewski, Jakub and Wale{\'n}, Tomasz and Zuba, Wiktor},
  booktitle={Proceedings of the Symposium on Combinatorial Pattern Matching (CPM)},
  year={2020},
  pages = {10:1--10:12},
  volume =	{161},
  doi = {10.4230/LIPIcs.CPM.2020.10}
}

@article{levandowsky1971distance,
  title={Distance between Sets},
  author={Levandowsky, Michael and Winter, David},
  journal={Nature},
  volume={234},
  number={5323},
  pages={34--35},
  year={1971},
  %publisher={Nature Publishing Group}
  doi={10.1038/234034a0}
}

@inproceedings{touzet2016levenshtein,
  title={On the Levenshtein Automaton and the Size of the Neighbourhood of a Word},
  author={Touzet, H{\'e}l{\`e}ne},
  booktitle={Language and Automata Theory and Applications},
  pages={207--218},
  year={2016},
  doi = {10.1007/978-3-319-30000-9_16}
  %organization={Springer}
}

@article{MANNILA199483,
title = {Algorithms for Inferring Functional Dependencies from Relations},
journal = DKE,
volume = {12},
number = {1},
pages = {83-99},
year = {1994},
doi = {10.1016/0169-023X(94)90023-X},
author = {Heikki Mannila and Kari-Jouko Räihä},
}

@article{marsh2005dirty,
author = {Marsh, Richard},
year = {2005},
%month = {01},
pages = {105-112},
title = {Drowning in Dirty Data? It's Time to Sink or Swim: A Four-Stage Methodology for Total Data Quality Management},
volume = {12},
journal = {Journal of Database Marketing and Customer Strategy Management},
doi = {10.1057/palgrave.dbm.3240247}
}

@article{qi2018impacts,
author = {Zhi-Xin Qi and Hong-Zhi Wang and An-Jie Wang},
title = {Impacts of Dirty Data on Classification and Clustering Models: An Experimental Evaluation},
year = {2021},
journal = {Journal of Computer Science and Technology},
volume = {36},
number = {4},
%eid = {806},
%numpages = {15},
pages = {806--821},
doi = {10.1007/s11390-021-1344-6}
}    


@book{bauckmann2010efficient,
  title={Efficient and Exact Computation of Inclusion Dependencies for Data Integration},
  author={Bauckmann, Jana and Leser, Ulf and Naumann, Felix},
  %pages = {2},
  %number={34},
  year={2010},
  publisher={Universit{\"a}tsverlag Potsdam}
}

@inproceedings{papenbrock2015divide,
  title={Divide \& Conquer-Based Inclusion Dependency Discovery},
  author={Papenbrock, Thorsten and Kruse, Sebastian and Quian{\'e}-Ruiz, Jorge-Arnulfo and Naumann, Felix},
  booktitle=PVLDB,
  volume={8},
  number={7},
  pages={774--785},
  year={2015},
  doi = {10.14778/2752939.2752946}
  %publisher={VLDB Endowment}
}

@inproceedings{gravano2001approximate,
  title={Approximate String Joins in a Database (Almost) for Free},
  author={Gravano, Luis and Ipeirotis, Panagiotis G and Jagadish, Hosagrahar Visvesvaraya and Koudas, Nick and Muthukrishnan, Shanmugauelayut and Srivastava, Divesh and others},
  booktitle=VLDB,
  volume={1},
  pages={491--500},
  year={2001}
}

@article{feng2012trie,
  title={Trie-Join: a Trie-Based Method for Efficient String Similarity Joins},
  author={Feng, Jianhua and Wang, Jiannan and Li, Guoliang},
  journal=VLDBJ,
  volume={21},
  number={4},
  pages={437--461},
  year={2012},
  %publisher={Springer}
  doi = {10.1007/s00778-011-0252-8}
}

@inproceedings{gryz1998query,
  title={Query Folding with Inclusion Dependencies},
  author={Gryz, Jarek},
  booktitle=ICDE,
  pages={126--133},
  year={1998},
  doi={10.1109/ICDE.1998.655768}
  %organization={IEEE}
}

@article{wagner1974string,
  title={The String-to-String Correction Problem},
  author={Wagner, Robert A and Fischer, Michael J},
  journal=JACM,
  volume={21},
  number={1},
  pages={168--173},
  year={1974},
  doi = {10.1145/321796.321811},
  %publisher={ACM New York, NY, USA}
}

@article{marccais2019locality,
  title={Locality-Sensitive Hashing for the Edit Distance},
  author={Mar{\c{c}}ais, Guillaume and DeBlasio, Dan and Pandey, Prashant and Kingsford, Carl},
  journal={Bioinformatics},
  volume={35},
  number={14},
  pages={i127--i135},
  year={2019},
  doi={10.1093/bioinformatics/btz354}
  %publisher={Oxford University Press}
}

@inproceedings{papenbrock2015metanome,
 author = {Papenbrock, Thorsten and Bergmann, Tanja and Finke, Moritz and Zwiener, Jakob and Naumann, Felix},
 title = {Data Profiling with {Meta\-nome}},
 booktitle=PVLDB,
 volume = {8},
 number = {12},
 year = {2015},
 pages = {1860--1863},
 doi = {10.14778/2824032.2824086},
 %publisher = {VLDB Endowment},
}

@inproceedings{dursch2019eval,
author = {D\"{u}rsch, Falco and Stebner, Axel and Windheuser, Fabian and Fischer, Maxi and Friedrich, Tim and Strelow, Nils and Bleifu\ss{}, Tobias and Harmouch, Hazar and Jiang, Lan and Papenbrock, Thorsten and Naumann, Felix},
title = {Inclusion Dependency Discovery: An Experimental Evaluation of Thirteen Algorithms},
year = {2019},
%publisher = {Association for Computing Machinery},
%address = {New York, NY, USA},
doi = {10.1145/3357384.3357916},
booktitle =CIKM,
pages = {219–228},
%series = {CIKM '19}
}

@article{hamming1950error,
  title={Error Detecting and Error Correcting Codes},
  author={Hamming, Richard W},
  journal={Bell System Technical Journal},
  volume={29},
  number={2},
  pages={147--160},
  year={1950},
  %publisher={Nokia Bell Labs},
  doi={10.1002/j.1538-7305.1950.tb00463.x}
}

@article{caruccio2016relaxed,
  author={Caruccio, Loredana and Deufemia, Vincenzo and Polese, Giuseppe},
  journal=TKDE, 
  title={Relaxed Functional Dependencies — A Survey of Approaches}, 
  year={2016},
  volume={28},
  number={1},
  pages={147-165},
  doi={10.1109/TKDE.2015.2472010}
}

@inproceedings{Jiang2014StringSJ,
  title={String Similarity Joins: An Experimental Evaluation},
  author={Yu Jiang and Guoliang Li and Jianhua Feng and Wen-Syan Li},
  booktitle=VLDB,
  year={2014},
  volume={7},
  pages={625-636},
  doi = {10.14778/2732296.2732299},
}

@inproceedings{levenshtein1966binary,
  title={Binary Codes Capable of Correcting Deletions, Insertions, and Reversals},
  author={Levenshtein, Vladimir I},
  booktitle={Soviet Physics Doklady},
  volume={10},
  number={8},
  pages={707--710},
  year={1966}
  %organization={Soviet Union}
}

@inproceedings{gyorgy2007FFD,
author="D{\'o}sa, Gy{\"o}rgy",
title="The Tight Bound of First Fit Decreasing Bin-Packing Algorithm Is $\textit{FFD(I)} \leq 11/9\textit{OPT(I)}+6/9$",
booktitle="Combinatorics, Algorithms, Probabilistic and Experimental Methodologies",
year={2007},
pages="1--11",
doi = {10.1007/978-3-540-74450-4_1}
}

@inproceedings{lehmberg2016corpus,
author = {Lehmberg, Oliver and Ritze, Dominique and Meusel, Robert and Bizer, Christian},
title = {A Large Public Corpus of Web Tables Containing Time and Context Metadata},
year = {2016},
publisher = {International World Wide Web Conferences Steering Committee},
doi = {10.1145/2872518.2889386},
booktitle = {Proceedings of the International Conference Companion on World Wide Web},
pages = {75–76}
}

@article{MARTELLO199059,
title = {Lower Bounds and Reduction Procedures for the Bin Packing Problem},
journal = {Discrete Applied Mathematics},
volume = {28},
number = {1},
pages = {59-70},
year = {1990},
doi = {10.1016/0166-218X(90)90094-S},
author = {Silvano Martello and Paolo Toth}
}

@ARTICLE{levene2000INDNF,
  author={Levene, Mark and Vincent, Millist W.},
  journal=TKDE, 
  title={Justification for Inclusion Dependency Normal Form}, 
  year={2000},
  volume={12},
  number={2},
  pages={281-291},
  doi={10.1109/69.842267}
}

@article{miller2001clio,
author = {Miller, Ren\'{e}e J. and Hern\'{a}ndez, Mauricio A. and Haas, Laura M. and Yan, Lingling and Howard Ho, C. T. and Fagin, Ronald and Popa, Lucian},
title = {The Clio Project: Managing Heterogeneity},
year = {2001},
%publisher = {Association for Computing Machinery},
volume = {30},
number = {1},
doi = {10.1145/373626.373713},
journal = {SIGMOD Rec.},
pages = {78–83},
}

@article{zhang2010fkdiscovery,
author = {Zhang, Meihui and Hadjieleftheriou, Marios and Ooi, Beng and Procopiuc, Cecilia and Srivastava, Divesh},
year = {2010},
pages = {805-814},
title = {On Multi-Column Foreign Key Discovery.},
volume = {3},
journal = PVLDB,
doi = {10.14778/1920841.1920944}
}

@inproceedings{chia2019hyperloglog,
title	= {KHyperLogLog: Estimating Reidentifiability and Joinability of Large Data at Scale},
author	= {Pern Hui Chia and Damien Desfontaines and Irippuge Milinda Perera and Daniel Simmons-Marengo and Chao Li and Wei-Yen Day and Qiushi Wang and Miguel Guevara},
year	= {2019},
pages={350-364},
doi={10.1109/SP.2019.00046},
booktitle	= {Proceedings of the IEEE Symposium on Security and Privacy (SP)}
}

@inproceedings{Bauckmann12,
  author    = {Jana Bauckmann and
               Ziawasch Abedjan and
               Ulf Leser and
               Heiko M{\"{u}}ller and
               Felix Naumann},
  title     = {Discovering conditional inclusion dependencies},
  booktitle = CIKM,
  pages     = {2094--2098},
  year      = {2012}
}

@inproceedings{Bravo07,
author = {Bravo, Loreto and Fan, Wenfei and Ma, Shuai},
title = {Extending Dependencies with Conditions},
year = {2007},
booktitle = VLDB,
pages = {243–254},
numpages = {12}
}

@inproceedings{Bauckmann07,
  author    = {Jana Bauckmann and
               Ulf Leser and
               Felix Naumann and
               Veronique Tietz},
  title     = {Efficiently Detecting Inclusion Dependencies},
  booktitle = ICDE,
  pages     = {1448--1450},
  year      = {2007}
}

@article{Wu2022MinHash,
  author={Wu, Wei and Li, Bin and Chen, Ling and Gao, Junbin and Zhang, Chengqi},
  journal=TKDE, 
  title={A Review for Weighted MinHash Algorithms}, 
  year={2022},
  volume={34},
  number={6},
  pages={2553-2573},
  doi={10.1109/TKDE.2020.3021067}}

@article{Tschirschnitz2017MANY,
author = {Tschirschnitz, Fabian and Papenbrock, Thorsten and Naumann, Felix},
title = {Detecting Inclusion Dependencies on Very Many Tables},
year = {2017},
publisher = {ACM},
address = {New York, NY, USA},
volume = {42},
number = {3},
doi = {10.1145/3105959},
journal = TODS
}

@inproceedings{deMarchi2003ZIGZAG,
author = {De Marchi, Fabien and Petit, Jean-Marc},
year = {2003},
pages = {27 - 34},
title = {ZigZag: A New Algorithm for Mining Large Inclusion Dependencies in Databases},
booktitle = {Proceedings of the International Conference on Data Mining (ICDM)},
doi = {10.1109/ICDM.2003.1250899}
}
